<record><leader>00000cas a2200000 a 4500</leader><controlfield tag="001">1638994</controlfield><controlfield tag="007">cr un|||||||||</controlfield><controlfield tag="008">750920d19651992nvumr ne      0    0eng c</controlfield><datafield ind1=" " ind2=" " tag="010"><subfield code="a">sn 86091482 </subfield></datafield><datafield ind1=" " ind2=" " tag="040"><subfield code="a">MUL</subfield><subfield code="b">eng</subfield><subfield code="c">MUL</subfield><subfield code="d">UCU</subfield><subfield code="d">UNP</subfield><subfield code="d">DLC</subfield><subfield code="d">UNP</subfield><subfield code="d">NST</subfield><subfield code="d">ANU</subfield><subfield code="d">EBZ</subfield><subfield code="d">ANU</subfield><subfield code="d">CNW</subfield><subfield code="d">OCL</subfield><subfield code="d">ANN</subfield><subfield code="d">MHN</subfield><subfield code="d">CUS</subfield><subfield code="d">OCL</subfield><subfield code="d">NYS</subfield><subfield code="d">TJC</subfield><subfield code="d">OCLCQ</subfield><subfield code="d">CUS</subfield><subfield code="d">OCLCQ</subfield><subfield code="d">OCLCF</subfield><subfield code="d">OCLCO</subfield></datafield><datafield ind1=" " ind2=" " tag="022"><subfield code="a">0028-0534</subfield></datafield><datafield ind1="1" ind2=" " tag="029"><subfield code="a">AU@</subfield><subfield code="b">000020428227</subfield></datafield><datafield ind1=" " ind2=" " tag="042"><subfield code="a">pcc</subfield></datafield><datafield ind1=" " ind2=" " tag="043"><subfield code="a">n-us-nv</subfield></datafield><datafield ind1="0" ind2="4" tag="245"><subfield code="a">The Native Nevadan.</subfield></datafield><datafield ind1=" " ind2=" " tag="260"><subfield code="a">[Carson City, Nev.] :</subfield><subfield code="b">Inter-Tribal Council of Nevada,</subfield><subfield code="c">1965-</subfield></datafield><datafield ind1=" " ind2=" " tag="300"><subfield code="a">v. :</subfield><subfield code="b">ill. ;</subfield><subfield code="c">27-43 cm.</subfield></datafield><datafield ind1=" " ind2=" " tag="310"><subfield code="a">Monthly,</subfield><subfield code="b">(Oct. 1974)-</subfield></datafield><datafield ind1=" " ind2=" " tag="321"><subfield code="a">Monthly,</subfield><subfield code="b">(May 1965)-Dec. 1972</subfield></datafield><datafield ind1=" " ind2=" " tag="321"><subfield code="a">Semimonthly,</subfield><subfield code="b">Jan/Feb. 1973-(July/Aug. 1974)</subfield></datafield><datafield ind1="0" ind2=" " tag="362"><subfield code="a">Vol. 2, no. 3 (May 1965)-</subfield></datafield><datafield ind1="1" ind2=" " tag="362"><subfield code="a">Ceased July 1992.</subfield></datafield><datafield ind1=" " ind2=" " tag="500"><subfield code="a">"Paiute - Shoshone - Washo."</subfield></datafield><datafield ind1=" " ind2=" " tag="500"><subfield code="a">Published in Carson City, Nev., &lt;May-Oct. 1965&gt;; in Reno, Nev., &lt;Feb. 1966&gt;- ; in Sparks, Nev., &lt;Nov. 1971&gt;-</subfield></datafield><datafield ind1=" " ind2=" " tag="515"><subfield code="a">Numerous errors in vol. numbering.</subfield></datafield><datafield ind1=" " ind2=" " tag="515"><subfield code="a">June 26, 1967 issue incorrectly marked as May 22.</subfield></datafield><datafield ind1=" " ind2=" " tag="515"><subfield code="a">July 1970 incorrectly marked as June.</subfield></datafield><datafield ind1=" " ind2=" " tag="515"><subfield code="a">May/June 1974 issue incorrectly marked as June/July.</subfield></datafield><datafield ind1=" " ind2=" " tag="515"><subfield code="a">May 4, 1979 issue incorrectly marked as Apr. 2.</subfield></datafield><datafield ind1=" " ind2=" " tag="530"><subfield code="a">Also issued on microfiche from Clearwater Pub. Co.</subfield></datafield><datafield ind1=" " ind2=" " tag="530"><subfield code="a">Also issued by subscription via the World Wide Web.</subfield></datafield><datafield ind1=" " ind2=" " tag="550"><subfield code="a">Official newspaper of the Inter-Tribal Council of Nevada, Inc., 1965-Apr. 1982; issued by the Reno/Sparks Indian Colony Tribal Council for all Nevada tribes, May 1982-</subfield></datafield><datafield ind1=" " ind2=" " tag="588"><subfield code="a">Latest issue consulted: Vol. 11, no. 12 (Aug. 1976).</subfield></datafield><datafield ind1=" " ind2="0" tag="650"><subfield code="a">Paiute Indians</subfield><subfield code="z">Nevada</subfield><subfield code="v">Newspapers.</subfield></datafield><datafield ind1=" " ind2="0" tag="650"><subfield code="a">Shoshonean Indians</subfield><subfield code="z">Nevada</subfield><subfield code="v">Newspapers.</subfield></datafield><datafield ind1=" " ind2="0" tag="650"><subfield code="a">Washoe Indians</subfield><subfield code="z">Nevada</subfield><subfield code="v">Newspapers.</subfield></datafield><datafield ind1=" " ind2="0" tag="650"><subfield code="a">Indians of North America</subfield><subfield code="z">Nevada</subfield><subfield code="v">Newspapers.</subfield></datafield><datafield ind1=" " ind2="0" tag="651"><subfield code="a">Carson City (Nev.)</subfield><subfield code="v">Newspapers.</subfield></datafield><datafield ind1=" " ind2="0" tag="651"><subfield code="a">Reno (Nev.)</subfield><subfield code="v">Newspapers.</subfield></datafield><datafield ind1=" " ind2="0" tag="651"><subfield code="a">Sparks (Nev.)</subfield><subfield code="v">Newspapers.</subfield></datafield><datafield ind1=" " ind2="0" tag="651"><subfield code="a">Washoe County (Nev.)</subfield><subfield code="v">Newspapers.</subfield></datafield><datafield ind1=" " ind2="7" tag="655"><subfield code="a">Newspapers.</subfield><subfield code="2">fast</subfield><subfield code="0">(OCoLC)fst01423814</subfield></datafield><datafield ind1=" " ind2="7" tag="650"><subfield code="a">Indians of North America.</subfield><subfield code="2">fast</subfield><subfield code="0">(OCoLC)fst00969633</subfield></datafield><datafield ind1=" " ind2="7" tag="650"><subfield code="a">Paiute Indians.</subfield><subfield code="2">fast</subfield><subfield code="0">(OCoLC)fst01051177</subfield></datafield><datafield ind1=" " ind2="7" tag="650"><subfield code="a">Shoshonean Indians.</subfield><subfield code="2">fast</subfield><subfield code="0">(OCoLC)fst01117649</subfield></datafield><datafield ind1=" " ind2="7" tag="650"><subfield code="a">Washoe Indians.</subfield><subfield code="2">fast</subfield><subfield code="0">(OCoLC)fst01733919</subfield></datafield><datafield ind1=" " ind2="7" tag="651"><subfield code="a">Nevada.</subfield><subfield code="2">fast</subfield><subfield code="0">(OCoLC)fst01205660</subfield></datafield><datafield ind1=" " ind2="7" tag="651"><subfield code="a">Nevada</subfield><subfield code="z">Carson City.</subfield><subfield code="2">fast</subfield><subfield code="0">(OCoLC)fst01204369</subfield></datafield><datafield ind1=" " ind2="7" tag="651"><subfield code="a">Nevada</subfield><subfield code="z">Reno.</subfield><subfield code="2">fast</subfield><subfield code="0">(OCoLC)fst01206439</subfield></datafield><datafield ind1=" " ind2="7" tag="651"><subfield code="a">Nevada</subfield><subfield code="z">Sparks.</subfield><subfield code="2">fast</subfield><subfield code="0">(OCoLC)fst01209635</subfield></datafield><datafield ind1=" " ind2="7" tag="651"><subfield code="a">Nevada</subfield><subfield code="z">Washoe County.</subfield><subfield code="2">fast</subfield><subfield code="0">(OCoLC)fst01206443</subfield></datafield><datafield ind1="2" ind2=" " tag="710"><subfield code="a">Reno/Sparks Indian Colony Tribal Council.</subfield></datafield><datafield ind1="2" ind2=" " tag="710"><subfield code="a">Inter-Tribal Council of Nevada.</subfield></datafield><datafield ind1=" " ind2=" " tag="752"><subfield code="a">United States</subfield><subfield code="b">Nevada</subfield><subfield code="c">Carson City</subfield><subfield code="d">Carson City.</subfield></datafield><datafield ind1=" " ind2=" " tag="752"><subfield code="a">United States</subfield><subfield code="b">Nevada</subfield><subfield code="c">Washoe</subfield><subfield code="d">Reno.</subfield></datafield><datafield ind1=" " ind2=" " tag="752"><subfield code="a">United States</subfield><subfield code="b">Nevada</subfield><subfield code="c">Washoe</subfield><subfield code="d">Sparks.</subfield></datafield><datafield ind1="0" ind2="8" tag="776"><subfield code="i">Online version:</subfield><subfield code="t">Native Nevadan (Online)</subfield><subfield code="w">(OCoLC)60637176</subfield></datafield><datafield ind1="0" ind2="0" tag="780"><subfield code="t">Newsletter (Inter-tribal Council of Nevada)</subfield><subfield code="w">(OCoLC)13748405</subfield></datafield><datafield ind1="4" ind2="1" tag="856"><subfield code="u">http://www.softlineweb.com/softlineweb/ethnic.htm</subfield></datafield></record>